@misc{Microblink,
  author = {Microblink Ltd.},
  year   = {2018},
  url    = {https://microblink.com},
  note   = {Pristupano: 03.07.2018.}
}
